@article{brysbaert2021power,
  title={Power considerations in bilingualism research: Time to step up our game},
  author={Brysbaert, Marc},
  journal={Bilingualism: Language and Cognition},
  volume={24},
  number={5},
  pages={813--818},
  year={2021},
  publisher={Cambridge University Press}
}

@article{max1999some,
  title={Some issues in the statistical analysis of completely randomized and repeated measures designs for speech, language, and hearing research},
  author={Max, Ludo and Onghena, Patrick},
  journal={Journal of Speech, Language, and Hearing Research},
  volume={42},
  number={2},
  pages={261--270},
  year={1999},
  publisher={ASHA}
}

@article{quene2004multi,
  title={On multi-level modeling of data from repeated measures designs: A tutorial},
  author={Quen{\'e}, Hugo and Van den Bergh, Huub},
  journal={Speech communication},
  volume={43},
  number={1-2},
  pages={103--121},
  year={2004},
  publisher={Elsevier}
}

@article{baayen2008mixed,
  title={Mixed-effects modeling with crossed random effects for subjects and items},
  author={Baayen, R Harald and Davidson, Douglas J and Bates, Douglas M},
  journal={Journal of memory and language},
  volume={59},
  number={4},
  pages={390--412},
  year={2008},
  publisher={Elsevier}
}

@article{cohen1992statistical,
  title={Statistical power analysis},
  author={Cohen, Jacob},
  journal={Current directions in psychological science},
  volume={1},
  number={3},
  pages={98--101},
  year={1992},
  publisher={Sage Publications Sage CA: Los Angeles, CA}
}

@article{misangyi2006adequacy,
  title={The adequacy of repeated-measures regression for multilevel research: Comparisons with repeated-measures ANOVA, multivariate repeated-measures ANOVA, and multilevel modeling across various multilevel research designs},
  author={Misangyi, Vilmos F and LePine, Jeffery A and Algina, James and Goeddeke Jr, Francis},
  journal={Organizational Research Methods},
  volume={9},
  number={1},
  pages={5--28},
  year={2006},
  publisher={Sage Publications Sage CA: Thousand Oaks, CA}
}

@article{baese2009mechanisms,
  title={Mechanisms of interaction in speech production},
  author={Baese-Berk, Melissa and Goldrick, Matthew},
  journal={Language and cognitive processes},
  volume={24},
  number={4},
  pages={527--554},
  year={2009},
  publisher={Taylor \& Francis}
}

@article{goldrick2013effects,
  title={The effects of lexical neighbors on stop consonant articulation},
  author={Goldrick, Matthew and Vaughn, Charlotte and Murphy, Amanda},
  journal={The Journal of the Acoustical Society of America},
  volume={134},
  number={2},
  pages={EL172--EL177},
  year={2013},
  publisher={Acoustical Society of America}
}

@article{allen1999effects,
  title={Effects of syllable-initial voicing and speaking rate on the temporal characteristics of monosyllabic words},
  author={Allen, J Sean and Miller, Joanne L},
  journal={The Journal of the Acoustical Society of America},
  volume={106},
  number={4},
  pages={2031--2039},
  year={1999},
  publisher={Acoustical Society of America}
}

@article{lev2013low,
  title={Low inhibitory skill leads to non-native perception and production in bilinguals’ native language},
  author={Lev-Ari, Shiri and Peperkamp, Sharon},
  journal={Journal of Phonetics},
  volume={41},
  number={5},
  pages={320--331},
  year={2013},
  publisher={Elsevier}
}

@article{nelson2017phonetic,
  title={The phonetic specificity of competition: Contrastive hyperarticulation of voice onset time in conversational English},
  author={Nelson, Noah Richard and Wedel, Andrew},
  journal={Journal of Phonetics},
  volume={64},
  pages={51--70},
  year={2017},
  publisher={Elsevier}
}

@article{lakens2017equivalence,
  title={Equivalence tests: A practical primer for t tests, correlations, and meta-analyses},
  author={Lakens, Dani{\"e}l},
  journal={Social psychological and personality science},
  volume={8},
  number={4},
  pages={355--362},
  year={2017},
  publisher={Sage Publications Sage CA: Los Angeles, CA}
}

@article{plonsky2014big,
  title={How big is “big”? Interpreting effect sizes in L2 research},
  author={Plonsky, Luke and Oswald, Frederick L},
  journal={Language learning},
  volume={64},
  number={4},
  pages={878--912},
  year={2014},
  publisher={Wiley Online Library}
}

@article{gorba2022acquisition,
  title={The acquisition of L2 voiced stops by English learners of Spanish and Spanish learners of English},
  author={Gorba, Celia and Cebrian, Juli},
  journal={Speech Communication},
  year={2022},
  publisher={Elsevier}
}

@article{hussain2018typological,
  title={A typological study of Voice Onset Time (VOT) in Indo-Iranian languages},
  author={Hussain, Qandeel},
  journal={Journal of Phonetics},
  volume={71},
  pages={284--305},
  year={2018},
  publisher={Elsevier}
}

@article{olson2013bilingual,
  title={Bilingual language switching and selection at the phonetic level: Asymmetrical transfer in VOT production},
  author={Olson, Daniel J},
  journal={Journal of Phonetics},
  volume={41},
  number={6},
  pages={407--420},
  year={2013},
  publisher={Elsevier}
}

@article{antoniou2011inter,
  title={Inter-language interference in VOT production by L2-dominant bilinguals: Asymmetries in phonetic code-switching},
  author={Antoniou, Mark and Best, Catherine T and Tyler, Michael D and Kroos, Christian},
  journal={Journal of phonetics},
  volume={39},
  number={4},
  pages={558--570},
  year={2011},
  publisher={Elsevier}
}

@article{fish2017infant,
  title={Infant-directed speech in English and Spanish: Assessments of monolingual and bilingual caregiver VOT},
  author={Fish, Melanie S and Garc{\'\i}a-Sierra, Adri{\'a}n and Ram{\'\i}rez-Esparza, Nair{\'a}n and Kuhl, Patricia K},
  journal={Journal of Phonetics},
  volume={63},
  pages={19--34},
  year={2017},
  publisher={Elsevier}
}

@article{chodroff2017structure,
  title={Structure in talker-specific phonetic realization: Covariation of stop consonant VOT in American English},
  author={Chodroff, Eleanor and Wilson, Colin},
  journal={Journal of Phonetics},
  volume={61},
  pages={30--47},
  year={2017},
  publisher={Elsevier}
}

@article{stolten2015effects,
  title={Effects of age and speaking rate on voice onset time: The production of voiceless stops by near-native L2 speakers},
  author={St{\"o}lten, Katrin and Abrahamsson, Niclas and Hyltenstam, Kenneth},
  journal={Studies in Second Language Acquisition},
  volume={37},
  number={1},
  pages={71--100},
  year={2015},
  publisher={Cambridge University Press}
}

@article{nearey1994effects,
  title={Effects of place of articulation and vowel context on VOT production and perception for French and English stops},
  author={Nearey, Terrance M and Rochet, Bernard L},
  journal={Journal of the International Phonetic Association},
  volume={24},
  number={1},
  pages={1--18},
  year={1994},
  publisher={Cambridge University Press}
}
